@INPROCEEDINGS{5569452,
  author={Fan, DongKai and Shi, Ping},
  booktitle={2010 Seventh International Conference on Fuzzy Systems and Knowledge Discovery}, 
  title={Improvement of Dijkstra's algorithm and its application in route planning}, 
  year={2010},
  volume={4},
  number={},
  pages={1901-1904},
  doi={10.1109/FSKD.2010.5569452}}
